<?xml version="1.0" encoding="UTF-8"?><collection xmlns="http://www.loc.gov/MARC21/slim"><record><leader>00388nam--2200133-i-4500</leader><controlfield tag="001">000003423</controlfield><controlfield tag="002">20161230</controlfield><controlfield tag="005">20161230201025</controlfield><controlfield tag="008">060222s1000------------r-----000-0-eng-d</controlfield><datafield ind1=" " ind2=" " tag="080"><subfield code="a">77.03(022)=3</subfield></datafield><datafield ind1=" " ind2=" " tag="100"><subfield code="a">Angerer, E.V</subfield></datafield><datafield ind1=" " ind2=" " tag="245"><subfield code="a">Wissenschaftliche photographie. eine einfuh- rung in theorie und praxis. 5 auflage</subfield></datafield><datafield ind1=" " ind2=" " tag="260"><subfield code="a">Leipzig, Geest Und Porting, 1952 Vii + 227 P</subfield></datafield><datafield ind1=" " ind2=" " tag="852"><subfield code="a">3432</subfield></datafield></record></collection>